<record><leader>00000cas a22000007a 4500</leader><controlfield tag="001">21134796</controlfield><controlfield tag="008">900228d19411955njuwr ne      0    0eng d</controlfield><datafield ind1=" " ind2=" " tag="010"><subfield code="a">sn 90063015 </subfield></datafield><datafield ind1=" " ind2=" " tag="040"><subfield code="a">NJW</subfield><subfield code="b">eng</subfield><subfield code="c">NJW</subfield><subfield code="d">OCLCQ</subfield></datafield><datafield ind1=" " ind2=" " tag="042"><subfield code="a">msc</subfield></datafield><datafield ind1="0" ind2="4" tag="245"><subfield code="a">The Riverside press and tribune-advertiser.</subfield></datafield><datafield ind1=" " ind2=" " tag="260"><subfield code="a">Riverside, N.J. :</subfield><subfield code="b">Burlington County Pub. Co.</subfield></datafield><datafield ind1=" " ind2=" " tag="310"><subfield code="a">Weekly</subfield></datafield><datafield ind1="1" ind2=" " tag="362"><subfield code="a">Began in 1941?</subfield></datafield><datafield ind1="0" ind2=" " tag="362"><subfield code="a">-v. 68, no. 1 (Jan. 27, 1955).</subfield></datafield><datafield ind1=" " ind2=" " tag="580"><subfield code="a">Formed by the union of: Riverside press (Riverside, N.J. : 1925); Triple towns tribune; and: River front advertiser.</subfield></datafield><datafield ind1=" " ind2=" " tag="588"><subfield code="a">Description based on: Vol. 54, no. 46 (Jan. 8, 1942).</subfield></datafield><datafield ind1=" " ind2=" " tag="752"><subfield code="a">United States</subfield><subfield code="b">New Jersey</subfield><subfield code="c">Burlington</subfield><subfield code="d">Riverside.</subfield></datafield><datafield ind1="1" ind2="4" tag="780"><subfield code="t">Riverside press (Riverside, N.J. : 1925)</subfield><subfield code="w">(DLC)sn 90063066</subfield></datafield><datafield ind1="1" ind2="4" tag="780"><subfield code="t">Triple towns tribune</subfield></datafield><datafield ind1="1" ind2="4" tag="780"><subfield code="t">River front advertiser</subfield><subfield code="w">(DLC)sn 88071351</subfield></datafield><datafield ind1="0" ind2="0" tag="785"><subfield code="t">Riverside press (Riverside, N.J. : 1955)</subfield><subfield code="w">(DLC)sn 93060886</subfield><subfield code="w">(OCoLC)27238854</subfield></datafield></record>